% This file was created with JabRef 2.10.
% Encoding: UTF-8


@InProceedings{DBLP:conf/nips/GoodfellowPMXWOCB14,
  Title                    = {Generative Adversarial Nets},
  Author                   = {Ian J. Goodfellow and
 Jean Pouget{-}Abadie and
 Mehdi Mirza and
 Bing Xu and
 David Warde{-}Farley and
 Sherjil Ozair and
 Aaron C. Courville and
 Yoshua Bengio},
  Booktitle                = {Advances in Neural Information Processing Systems 27: Annual Conference
 on Neural Information Processing Systems 2014, December 8-13 2014,
 Montreal, Quebec, Canada},
  Year                     = {2014},
  Pages                    = {2672--2680},

  Bibsource                = {dblp computer science bibliography, https://dblp.org},
  Biburl                   = {https://dblp.org/rec/bib/conf/nips/GoodfellowPMXWOCB14},
  Crossref                 = {DBLP:conf/nips/2014},
  Owner                    = {mathias},
  Timestamp                = {Wed, 10 Dec 2014 21:34:12 +0100},
  Url                      = {http://papers.nips.cc/paper/5423-generative-adversarial-nets}
}

@Book{Goodfellow-et-al-2016,
  Title                    = {Deep Learning},
  Author                   = {Ian Goodfellow and Yoshua Bengio and Aaron Courville},
  Publisher                = {MIT Press},
  Year                     = {2016},
  Note                     = {\url{http://www.deeplearningbook.org}},

  Owner                    = {mathias},
  Timestamp                = {2018.04.17}
}

@Article{DBLP:journals/nn/Hornik91,
  Title                    = {Approximation capabilities of multilayer feedforward networks},
  Author                   = {Kurt Hornik},
  Journal                  = {Neural Networks},
  Year                     = {1991},
  Number                   = {2},
  Pages                    = {251--257},
  Volume                   = {4},

  Bibsource                = {dblp computer science bibliography, https://dblp.org},
  Biburl                   = {https://dblp.org/rec/bib/journals/nn/Hornik91},
  Doi                      = {10.1016/0893-6080(91)90009-T},
  Owner                    = {mathias},
  Timestamp                = {Sun, 28 May 2017 13:18:20 +0200},
  Url                      = {https://doi.org/10.1016/0893-6080(91)90009-T}
}

@Article{DBLP:journals/computer/JainMM96,
  Title                    = {Artificial Neural Networks: {A} Tutorial},
  Author                   = {Anil K. Jain and
 Jianchang Mao and
 K. Moidin Mohiuddin},
  Journal                  = {{IEEE} Computer},
  Year                     = {1996},
  Number                   = {3},
  Pages                    = {31--44},
  Volume                   = {29},

  Bibsource                = {dblp computer science bibliography, https://dblp.org},
  Biburl                   = {https://dblp.org/rec/bib/journals/computer/JainMM96},
  Doi                      = {10.1109/2.485891},
  Owner                    = {mathias},
  Timestamp                = {Mon, 05 Feb 2018 07:23:48 +0100},
  Url                      = {https://doi.org/10.1109/2.485891}
}

@Book{DBLP:books/lib/Murphy12,
  Title                    = {Machine learning - a probabilistic perspective},
  Author                   = {Kevin P. Murphy},
  Publisher                = {{MIT} Press},
  Year                     = {2012},
  Series                   = {Adaptive computation and machine learning series},

  Bibsource                = {dblp computer science bibliography, https://dblp.org},
  Biburl                   = {https://dblp.org/rec/bib/books/lib/Murphy12},
  ISBN                     = {0262018020},
  Owner                    = {mathias},
  Timestamp                = {Wed, 26 Apr 2017 17:48:08 +0200}
}

@Book{Nielsen2015,
  Title                    = {Neural Networks and Deep Learning},
  Author                   = {Michael A. Nielsen},
  Publisher                = {Determination Press},
  Year                     = {2015},

  Owner                    = {mathias},
  Timestamp                = {2018.04.17}
}

@Article{DBLP:journals/corr/Ruder16,
  Title                    = {An overview of gradient descent optimization algorithms},
  Author                   = {Sebastian Ruder},
  Journal                  = {CoRR},
  Year                     = {2016},
  Volume                   = {abs/1609.04747},

  Archiveprefix            = {arXiv},
  Bibsource                = {dblp computer science bibliography, https://dblp.org},
  Biburl                   = {https://dblp.org/rec/bib/journals/corr/Ruder16},
  Eprint                   = {1609.04747},
  Owner                    = {mathias},
  Timestamp                = {Wed, 07 Jun 2017 14:40:06 +0200},
  Url                      = {http://arxiv.org/abs/1609.04747}
}

