% This file was created with JabRef 2.10.
% Encoding: UTF-8


@Article{DBLP:journals/corr/LuCCLXT14,
  Title                    = {1-HKUST: Object Detection in {ILSVRC} 2014},
  Author                   = {Cewu Lu and
 Hao Chen and
 Qifeng Chen and
 Hei Law and
 Yao Xiao and
 Chi{-}Keung Tang},
  Journal                  = {CoRR},
  Year                     = {2014},
  Volume                   = {abs/1409.6155},

  Archiveprefix            = {arXiv},
  Bibsource                = {dblp computer science bibliography, https://dblp.org},
  Biburl                   = {https://dblp.org/rec/bib/journals/corr/LuCCLXT14},
  Eprint                   = {1409.6155},
  Owner                    = {mathias},
  Timestamp                = {Wed, 07 Jun 2017 14:43:05 +0200},
  Url                      = {http://arxiv.org/abs/1409.6155}
}

